<?xml version="1.0" encoding="UTF-8"?><collection xmlns="http://www.loc.gov/MARC21/slim"><record><leader>00651nam--2200217-i-4500</leader><controlfield tag="001">000009089</controlfield><controlfield tag="002">20161230</controlfield><controlfield tag="005">20161230201028</controlfield><controlfield tag="008">060222s1000------------r-----000-0-rus-d</controlfield><datafield ind1=" " ind2=" " tag="040"><subfield code="a">IFIN-HH</subfield></datafield><datafield ind1=" " ind2=" " tag="041"><subfield code="a">rus</subfield></datafield><datafield ind1=" " ind2=" " tag="080"><subfield code="a">539.14</subfield></datafield><datafield ind1="1" ind2=" " tag="100"><subfield code="a">Bohr, Aage</subfield></datafield><datafield ind1="1" ind2="0" tag="245"><subfield code="a">Struktura atomnogo iadra</subfield><subfield code="c">Aage bohr, ben r. mottelson</subfield></datafield><datafield ind1=" " ind2=" " tag="260"><subfield code="a">Moskva</subfield><subfield code="b">Mir</subfield><subfield code="c">1971</subfield></datafield><datafield ind1=" " ind2=" " tag="300"><subfield code="a">2 VOLUME</subfield></datafield><datafield ind1=" " ind2=" " tag="500"><subfield code="a">Titlul Original In Limba Engleza: Nuclear Structure Volume I. Single-particle Motion Volume Ii Nuclear Deformations</subfield></datafield><datafield ind1="1" ind2=" " tag="700"><subfield code="a">Mottelson, Ben R</subfield></datafield><datafield ind1="1" ind2=" " tag="787"><subfield code="a">Tom 2</subfield><subfield code="h">664p</subfield><subfield code="t">Deformatia Iader</subfield></datafield><datafield ind1=" " ind2=" " tag="852"><subfield code="a">35702</subfield><subfield code="c">539.14</subfield></datafield><datafield ind1=" " ind2=" " tag="CAT"><subfield code="a">Sys</subfield><subfield code="c">20120328</subfield><subfield code="h">100458</subfield></datafield></record></collection>